<?xml version="1.0" encoding="UTF-8"?><record xmlns="http://www.loc.gov/MARC21/slim" xmlns:cinclude="http://apache.org/cocoon/include/1.0" xmlns:zs="http://www.loc.gov/zing/srw/">
  <leader>00936cz  a2200265n  4500</leader>
  <controlfield tag="001">n  84744078 </controlfield>
  <controlfield tag="003">DLC</controlfield>
  <controlfield tag="005">20081119075742.0</controlfield>
  <controlfield tag="008">850905n| acaaaaaan          |a ana      </controlfield>
  <datafield tag="010" ind1=" " ind2=" ">
    <subfield code="a">n  84744078 </subfield>
  </datafield>
  <datafield tag="035" ind1=" " ind2=" ">
    <subfield code="a">(OCoLC)oca01390931</subfield>
  </datafield>
  <datafield tag="040" ind1=" " ind2=" ">
    <subfield code="a">DLC</subfield>
    <subfield code="b">eng</subfield>
    <subfield code="c">DLC</subfield>
    <subfield code="d">DLC</subfield>
    <subfield code="d">OCoLC</subfield>
  </datafield>
  <datafield tag="050" ind1=" " ind2=" ">
    <subfield code="a">M2.E67</subfield>
    <subfield code="b">K8</subfield>
  </datafield>
  <datafield tag="130" ind1=" " ind2="0">
    <subfield code="a">Erbe deutscher Musik.</subfield>
    <subfield code="n">Zweite Reihe,</subfield>
    <subfield code="p">Landschaftsdenkmale.</subfield>
    <subfield code="p">Kurhessen</subfield>
  </datafield>
  <datafield tag="430" ind1=" " ind2="0">
    <subfield code="w">nnaa</subfield>
    <subfield code="a">Erbe deutscher Musik.</subfield>
    <subfield code="n">2. Reihe :</subfield>
    <subfield code="p">Landschaftsdenkmale :</subfield>
    <subfield code="p">Kurhessen</subfield>
  </datafield>
  <datafield tag="410" ind1="2" ind2=" ">
    <subfield code="a">Staatliches Institut für Deutsche Musikforschung.</subfield>
    <subfield code="t">Erbe deutscher Musik.</subfield>
    <subfield code="n">Zweite Reihe,</subfield>
    <subfield code="p">Landschaftsdenkmale.</subfield>
    <subfield code="p">Kurhessen</subfield>
  </datafield>
  <datafield tag="430" ind1=" " ind2="0">
    <subfield code="a">Landschaftsdenkmale der Musik.</subfield>
    <subfield code="p">Kurhessen</subfield>
  </datafield>
  <datafield tag="430" ind1=" " ind2="0">
    <subfield code="a">Landschaftsdenkmale der Musik in Kurhessen</subfield>
  </datafield>
  <datafield tag="642" ind1=" " ind2=" ">
    <subfield code="a">Bd. 1</subfield>
    <subfield code="5">DLC</subfield>
  </datafield>
  <datafield tag="643" ind1=" " ind2=" ">
    <subfield code="a">Kassel</subfield>
    <subfield code="b">Bärenreiter</subfield>
  </datafield>
  <datafield tag="644" ind1=" " ind2=" ">
    <subfield code="a">f</subfield>
    <subfield code="5">DLC</subfield>
  </datafield>
  <datafield tag="645" ind1=" " ind2=" ">
    <subfield code="a">t</subfield>
    <subfield code="5">DLC</subfield>
  </datafield>
  <datafield tag="646" ind1=" " ind2=" ">
    <subfield code="a">c</subfield>
    <subfield code="5">DLC</subfield>
  </datafield>
  <datafield tag="667" ind1=" " ind2=" ">
    <subfield code="a">RECON</subfield>
  </datafield>
  <datafield tag="670" ind1=" " ind2=" ">
    <subfield code="a">Moritz. Ausgewählte Werke, 1936- :</subfield>
    <subfield code="b">series t.p.</subfield>
  </datafield>
</record>